@IEEEtranBSTCTL{bstctl:etal,
  CTLuse_forced_etal = {yes},
  CTLmax_names_forced_etal = {3},
}

@IEEEtranBSTCTL{bstctl:nodash,
  CTLdash_repeated_names = {no},
}

@IEEEtranBSTCTL{bstctl:simpurl,
  CTLname_url_prefix = {Available: },
}

@online{chdl,
author = {Kersey, Chad},
title = {Announcing CHDL},
month = jan,
year = {2013},
url = {http://www.cdkersey.com/wordpress/?p=26}
}

@online{hmcfpga,
author = {Altera Corporation},
title = {Hybrid Memory Cube},
year = {2013},
url = {http://www.altera.com/technology/memory/serial-memory/hybrid-mem-cubes/mem-cubes.html}
}

@article{sst,
  title={The structural simulation toolkit},
  author={Rodrigues, Arun F and Hemmert, K Scott and Barrett, Brian W and Kersey, Chad and Oldfield, Ron and Weston, Marlo and Risen, R and Cook, Jeanine and Rosenfeld, Paul and CooperBalls, E and others},
  journal={ACM SIGMETRICS Performance Evaluation Review},
  volume={38},
  number={4},
  pages={37--42},
  year={2011},
  publisher={ACM}
}

@book{macsim,
  title={MacSim: A CPU-GPU Heterogeneous Simulation Framework User Guide},
  author={Kim, Hyesoon and Lee, Jaekyu and Lakshminarayana, Nagesh B and Sim, Jaewoong and Lim, Jieun and Pho, Tri},
  journal={Georgia Institute of Technology},
  year={2012}
}

@inproceedings{hmc,
  title={Hybrid memory cube new DRAM architecture increases density and performance},
  author={Jeddeloh, Joe and Keeth, Brent},
  booktitle={VLSI Technology (VLSIT), 2012 Symposium on},
  pages={87--88},
  year={2012},
  organization={IEEE}
}

@book{lamport94,
    author    = "Leslie Lamport",
    title     = "{\LaTeX: A Document Preparation System}",
    year      = "1994",
    publisher = "Addison-Wesley",
    edition = "2nd",
    address   = "Reading, Massachusetts"
}

@book{goossens93,
    author    = "Michel Goossens and Frank Mittelbach and Alexander Samarin",
    title     = "The LaTeX Companion",
    year      = "1993",
    publisher = "Addison-Wesley",
    address   = "Reading, Massachusetts"
}

@misc{micro46,
    author = "Matthew Farrens and others",
    title = "{MICRO'46 Conference Site}",
    year = "2013",
    url = "http://www.microarch.org/micro46/",
}

@INPROCEEDINGS{diva, 
author={Hall, M. and Kogge, P. and Koller, J. and Diniz, P. and Chame, J. and Draper, J. and LaCoss, J. and Granacki, J. and Brockman, J. and Srivastava, A. and Athas, W. and Freeh, V. and Jaewook Shin and Joonseok Park}, 
booktitle={Supercomputing, ACM/IEEE 1999 Conference}, 
title={Mapping Irregular Applications to DIVA, a PIM-based Data-Intensive Architecture}, 
year={1999}, 
pages={57-57}, 
keywords={Acceleration;Aggregates;Bandwidth;Computer architecture;Computer interfaces;Delay;Logic;Object oriented databases;Prefetching;Very large scale integration}, 
doi={10.1109/SC.1999.10019},}

@INPROCEEDINGS{flexram, 
author={Yi Kang and Wei Huang and Seung-Moon Yoo and Keen, D. and Zhenzhou Ge and Lam, V. and Pattnaik, P. and Torrellas, J.}, 
booktitle={Computer Design, 1999. (ICCD '99) International Conference on}, 
title={FlexRAM: toward an advanced intelligent memory system}, 
year={1999}, 
pages={192-201}, 
keywords={DRAM chips;circuit simulation;general purpose computers;logic design;FlexRAM;PIM chip;PIM-based memory system;advanced intelligent memory system;floorplan;general-purpose computers;memory-intensive applications;merged logic DRAM;processors-in-memory;simulation;workstation;Intelligent systems}, 
doi={10.1109/ICCD.1999.808425}, 
ISSN={1063-6404},}

@ARTICLE{iram, 
author={Patterson, D. and Anderson, T. and Cardwell, N. and Fromm, R. and Keeton, K. and Kozyrakis, C. and Thomas, R. and Yelick, K.}, 
journal={Micro, IEEE}, 
title={A case for intelligent RAM}, 
year={1997}, 
volume={17}, 
number={2}, 
pages={34-44}, 
keywords={microprocessor chips;performance evaluation;random-access storage;IRAM;energy efficiency;intelligent RAM;memory latency;microprocessors;performance;single chip;Bandwidth;Clocks;Computer aided software engineering;Databases;Delay;Out of order;Pins;Random access memory;Read-write memory;Sparse matrices}, 
doi={10.1109/40.592312}, 
ISSN={0272-1732},}

@INPROCEEDINGS{blast, 
author={Jung-Yup Kang and Gupta, S. and Gaudiot, J.-L.}, 
booktitle={Signals, Systems and Computers, 2004. Conference Record of the Thirty-Eighth Asilomar Conference on}, 
title={An efficient PIM (Processor-In-Memory) architecture for BLAST}, 
year={2004}, 
volume={1}, 
pages={503-507 Vol.1}, 
keywords={DNA;biology computing;memory architecture;molecular biophysics;operating system kernels;proteins;sequences;BLAST kernel;DNA sequence;PIM architecture;computing paradigm;general-purpose processor;memory bandwidth;memory latency;processor-in-memory;protein;Biology computing;Computer architecture;Concurrent computing;DNA;Databases;Delay;Kernel;Parallel processing;Protein engineering;Sequences}, 
doi={10.1109/ACSSC.2004.1399183},}

@INPROCEEDINGS{Wei05anear-memory,
author = {Mingliang Wei and Marc Snir and Josep Torrellas and R. Brett Tremaine},
title = {A near-memory processor for vector, streaming and bit manipulation workloads},
booktitle = {In The Second Watson Conference on Interaction between Architecture, Circuits, and Compilers},
year = {2005}
}

@ARTICLE{terasys, 
author={Gokhale, M. and Holmes, B. and Iobst, K.}, 
journal={Computer}, 
title={Processing in memory: the Terasys massively parallel PIM array}, 
year={1995}, 
volume={28}, 
number={4}, 
pages={23-31}, 
keywords={integrated memory circuits;microprocessor chips;parallel processing;workstations;4 bit;8 MB;Cray-3 memory;PIM memory;SIMD array;SIMD computing;Sun Microsystems Sparcstation-2 workstations;Terasys massively parallel PIM array;Terasys workstations;address space;data parallel bit C;high-level parallel language;multiple Cray-YMP processors;processing in memory;processor-in-memory chip;single-bit ALU;standard 4-bit memory;supercomputer;supercomputer performance;Application software;Computer architecture;Costs;Degradation;Prototypes;Random access memory;Sun;Supercomputers;Workstations;Yarn}, 
doi={10.1109/2.375174}, 
ISSN={0018-9162},}

@INPROCEEDINGS{activepages, 
author={Oskin, M. and Chong, F.T. and Sherwood, T.}, 
booktitle={Computer Architecture, 1998. Proceedings. The 25th Annual International Symposium on}, 
title={Active Pages: a computation model for intelligent memory}, 
year={1998}, 
pages={192-203}, 
keywords={memory architecture;multiprocessing systems;performance evaluation;reconfigurable architectures;Active Pages;RADram system;RXDram;SimpleScalar simulator;computation model;data-intensive computations;intelligent memory;memory system;memory technologies;reconfigurable architecture DRAM;Computational modeling;Computer applications;Computer architecture;Computer science;Fabrication;Integrated circuit technology;Logic;Microprocessors;Programming profession;Random access memory}, 
doi={10.1109/ISCA.1998.694774}, 
ISSN={1063-6897},}

@inproceedings{multimedia_fpga,
 author = {Lanuzza, Marco and Margala, Martin and Corsonello, Pasquale},
 title = {Cost-effective low-power processor-in-memory-based reconfigurable datapath for multimedia applications},
 booktitle = {Proceedings of the 2005 international symposium on Low power electronics and design},
 series = {ISLPED '05},
 year = {2005},
 isbn = {1-59593-137-6},
 location = {San Diego, CA, USA},
 pages = {161--166},
 numpages = {6},
 url = {http://doi.acm.org/10.1145/1077603.1077645},
 doi = {10.1145/1077603.1077645},
 acmid = {1077645},
 publisher = {ACM},
 address = {New York, NY, USA},
 keywords = {datapath, processor-in-memory, reconfigurable computing},
}

@inproceedings{sram_based_simulation,
 author = {Venkateswaran, N. and Foundation, Waran Research and Krishnan, Aditya and Kumar, S. Niranjan and Shriraman, Arrvindh and Sridharan, Srinivas},
 title = {Memory in processor: a novel design paradigm for supercomputing architectures},
 booktitle = {Proceedings of the 2003 workshop on MEmory performance: DEaling with Applications , systems and architecture},
 series = {MEDEA '03},
 year = {2003},
 location = {Antibes Juan-les-Pins, France},
 pages = {19--26},
 numpages = {8},
 url = {http://doi.acm.org/10.1145/1152923.1024298},
 doi = {10.1145/1152923.1024298},
 acmid = {1024298},
 publisher = {ACM},
 address = {New York, NY, USA},
}