@patent{BAA:03,
author="B. Braunecker and B. Aebishcer and R. Appius",
title="Method for determing the position and rotational position of an object",
institution="US Patent Office",
month="December",
number="6,671,058 B1",
year="2003"
}


@conference{DiS:94,
author="E. Dickmanns and F. Schell",
title="Visual autonomous automatic landing of airplanes",
organization="AGARD Symp. on Advances in Guidance and Control of Precision Guided Weapons",
year="1994"
}

@book{Geo,
author="R. Ditteon",
title="Modern Geometrical Optics",
publisher="John Wiley \& Sons, Inc.",
copyright="1998 by John Wiley \& Sons, Inc."
}

@conference{Feron,
author="E. Feron and J. Paduano",
title="A passive Sensor for Position and Attitude Estimation Using and Interferometric Target",
organization="43rd IEEE Conference on Decision and Control",
address="Atlantis, Bahamas",
month="December",
year="2004"
}

@article{Hong,
author="J. Hong and J. Kim and J. H. Park and S. W. Min and B. Lee",
title="Viewing-angle-enhanced three-dimensional integral imaging using the
combination of a lenticular lens sheet and a two-dimensional lens
array",
journal="Information Optics and Photonis Technology",
organization="SPIE",
address="Bellingham, WA",
year="2005"
}

@article{Jequier,
author="B. Jequier",
title="Theory and practice of lenticular sheets",
journal="Hyperspace",
address="BP 495, 2301 La Chaux-de-Fonds (Suisse)"
}

@conference{Johnson,
author="R. B. Johnson",
title="Improvments in Lenticular Lens Arrays Design and Fabrication",
organization="Internation Optical Design Conference",
year=2006
}

@article{Lee,
author="S. W. Lee and J. S. Koo and E. S. Kim",
title="Holographic Lenticular Sheet for an Optical Direction Modulator",
journal="Optical Pattern Recognition",
volume="XIV"
}

@book{Marcuse,
author="D. Marcuse",
title="Light Transmission Optics Second Edition",
publisher="Van Nostrand Reinhold Company",
year="Copyright 1982 by Bell Telephone Laboratories, Inc."
}

@article{ScD:94,
author="F. Schell and E. Dickmanns",
title="Autonomous landing of airplaces by dynamics machine vision",
journal="Machine Vision and Applications",
volume="7",
number="2",
pages="127--134",
year="1994"
}

@conference{SVSMS:02,
author="O. Shakernia and R. Vidal and C. Sharp and Y. Ma and S. Sastry",
title="Multiple view motion estimation and control for landing an unmanned aerial vehicle",
organization="Proc. IEE Int. Conf. Robotics and Automation",
address="Washington, DC",
month="May",
year="2002"
}

@conference{SSS:01,
author="C. Sharp and A. Shakernia and S. Sastry",
title="A vision system for landing unmanned vehicles",
organization="Proc, IEEE Int. Conf. Robotics and Automation",
address="Seoul, Korea",
month="May",
year="2001"
}

@conference{Tanigawa,
author="H. Tanigawa and Y Tanji and Y. Taketomi and T. Kubota",
title="Deep image hologram recorded by using a lenticular lens sheet",
organization="IS\&R/SPIE Conference on Practical Holography XIII",
address="San Jose, California",
month="January",
year="1999"
}

@article{Torunier,
author="P. Tournier and M. Valenti and J. How and E. Feron",
title="Estimation and control of a quadrotor vehicle using monocular vision and moire patterns",
journal="America Institute of Aeronautics"
}
