@inproceedings{SAC,
 author = {Grelck, Clemens},
 title = {Single Assignment C (SAC) High Productivity Meets High Performance: High Productivity Meets High Performance},
 booktitle = {Proceedings of the 4th Summer School Conference on Central European Functional Programming School},
 series = {CEFP'11},
 year = {2012},
 isbn = {978-3-642-32095-8},
 location = {Budapest, Hungary},
 pages = {207--278},
 numpages = {72},
 url = {http://dx.doi.org/10.1007/978-3-642-32096-5_5},
 doi = {10.1007/978-3-642-32096-5_5},
 acmid = {2363412},
 publisher = {Springer-Verlag},
 address = {Berlin, Heidelberg},
} 

@INPROCEEDINGS{trident, 
author={Tripp, J.L. and Peterson, K.D. and Ahrens, C. and Poznanovic, J.D. and Gokhale, M.B.}, 
booktitle={Field Programmable Logic and Applications, 2005. International Conference on}, 
title={Trident: an FPGA compiler framework for floating-point algorithms}, 
year={2005}, 
pages={317-322}, 
doi={10.1109/FPL.2005.1515741},
}

@INPROCEEDINGS{ROCC, 
author={Villarreal, J. and Park, A. and Najjar, W. and Halstead, R.}, 
booktitle={Field-Programmable Custom Computing Machines (FCCM), 2010 18th IEEE Annual International Symposium on}, 
title={Designing Modular Hardware Accelerators in C with ROCCC 2.0}, 
year={2010}, 
pages={127-134}, 
doi={10.1109/FCCM.2010.28},
}

@ARTICLE{hls_overview, 
author={Cong, J. and Bin Liu and Neuendorffer, S. and Noguera, J. and Vissers, K. and Zhiru Zhang}, 
journal={Computer-Aided Design of Integrated Circuits and Systems, IEEE Transactions on}, 
title={High-Level Synthesis for FPGAs: From Prototyping to Deployment}, 
year={2011}, 
volume={30}, 
number={4}, 
pages={473-491}, 
doi={10.1109/TCAD.2011.2110592}, 
ISSN={0278-0070},}

@INPROCEEDINGS{hls_pipeline, 
author={Ben-Asher, Y. and Rotem, N.}, 
booktitle={System-on-Chip, 2008. SOC 2008. International Symposium on}, 
title={Synthesis for variable pipelined function units}, 
year={2008}, 
pages={1-4}, 
doi={10.1109/ISSOC.2008.4694874},}

@INPROCEEDINGS{hadi_dcim, 
author={Esmaeilzadeh, H. and Moghimi, A. and Ebrahimi, E. and Lucas, C. and Navabi, Z. and Sied Mehdi Fakhraie}, 
booktitle={Circuits and Systems, 2006. ISCAS 2006. Proceedings. 2006 IEEE International Symposium on}, 
title={DCim++: a C++ library for object oriented hardware design and distributed simulation}, 
year={2006}, 
pages={4 pp.-1286}, 
doi={10.1109/ISCAS.2006.1692827},}

@INPROCEEDINGS{piranha,
    author = {Luiz André Barroso and Kourosh Gharachorloo and Mosur Ravishankar},
    title = {Managing Complexity in the Piranha Server-Class Processor Design},
    booktitle = {In 2nd Workshop on Complexity-Effective Design held in conjunction with the 27th International Symposium on Computer Architecture},
    year = {2001}
}

@inproceedings{reactivity,
 author = {Liao, Stan and Tjiang, Steve and Gupta, Rajesh},
 title = {An Efficient Implementation of Reactivity for Modeling Hardware in the Scenic Design Environment},
 booktitle = {Proceedings of the 34th Annual Design Automation Conference},
 series = {DAC '97},
 year = {1997},
 isbn = {0-89791-920-3},
 location = {Anaheim, California, USA},
 pages = {70--75},
 numpages = {6},
 url = {http://doi.acm.org/10.1145/266021.266037},
 doi = {10.1145/266021.266037},
 acmid = {266037},
 publisher = {ACM},
 address = {New York, NY, USA},
} 


@misc{macsim,
author = {Hyesoon Kim and Jaekyu Lee and Nagesh B. Lakshminarayana and Jaewoong Sim and Jieun Lim and Tri Pho
 },
title = {MacSim: A CPU-GPU Heterogeneous Simulation Framework},
url = {comparch.gatech.edu/hparch/macsim/macsim.pdf‎},
journal = {Georgia Institute Of Technology},
}

@misc{quartus,
author = {{Altera Corp.}},
title = {Altera Quartus II Design software},
url = {http://www.altera.com/products/software/quartus-ii/subscription-edition/qts-se-index.html}
}

@misc{ddr2,
author = {{Altera Corp.}},
title = {Altera DDR and DDR2 SDRAM Controller Compiler User Guide}
}

@misc{hmc,
author = {{Hybrid Memory Cube Consortium}},
title = {Hybrid Memory Cube Specification 1.0}
}

@misc{gtkwave,
author = {Anthony Bybell},
title = {GTKWave 3.3 Wave Analyzer User's Guide}
}

@article{iverilog,
 author = {Williams, Stephen and Baxter, Michael},
 title = {Icarus Verilog: Open-source Verilog More Than a Year Later},
 journal = {Linux J.},
 issue_date = {July 2002},
 volume = {2002},
 number = {99},
 month = jul,
 year = {2002},
 issn = {1075-3583},
 pages = {3--},
 url = {http://dl.acm.org/citation.cfm?id=513581.513584},
 acmid = {513584},
 publisher = {Belltown Media},
 address = {Houston, TX},
} 


@misc{de3_manual,
author = {Terasic},
title = {DE3 User Manual},
url = {http://www.terasic.com.tw/cgi-bin/page/archive.pl?Language=English&CategoryNo=39&No=260&PartNo=4}
}

@article{SST,
 author = {Rodrigues, A. F. and Hemmert, K. S. and Barrett, B. W. and Kersey, C. and Oldfield, R. and Weston, M. and Risen, R. and Cook, J. and Rosenfeld, P. and CooperBalls, E. and Jacob, B.},
 title = {The Structural Simulation Toolkit},
 journal = {SIGMETRICS Perform. Eval. Rev.},
 issue_date = {March 2011},
 volume = {38},
 number = {4},
 month = mar,
 year = {2011},
 issn = {0163-5999},
 pages = {37--42},
 numpages = {6},
 url = {http://doi.acm.org/10.1145/1964218.1964225},
 doi = {10.1145/1964218.1964225},
 acmid = {1964225},
 publisher = {ACM},
 address = {New York, NY, USA},
 keywords = {SST, architecture, performance analysis, simulation},
} 
